%---------------------------------------------------------------------
%
%                          referencias.bib
%
%---------------------------------------------------------------------

@mastersthesis{Menendez2015,
	title={Protocolo de trabajo y banco de pruebas para el uso del equipo de captura de movimientos MOCAP-Optitrack},
	author={Men{\'e}ndez Mendoza, Sa{\'u}l and Rodr{\'\i}guez Marante, Jonathan},
	year={2015},
	type ={TFG}
}

@mastersthesis{Mejias2014,
	title={Rotoscopia y captura de movimiento. Una aproximaci{\'o}n general a trav{\'e}s de sus t{\'e}cnicas y procesos en la postproducci{\'o}n},
	author={MEJ{\'I}AS, SARA M{\'E}RIDA},
	year={2014},
	type ={TFG}
}
@mastersthesis{VIC,
	title={Uso de Kinect para el entrenamiento de actividades físicas},
	author={Víctor Tobes Pérez y Raúl Fernández Pérez },
	organization = {\url{https://eprints.ucm.es/44670/}},
	year={2017},
	type ={TFG}
}

@manual{OpenCV,
	author = {OpenCV},
	title = {OpenCV - Biblioteca de software de visión artificial y aprendizaje automático de código abierto},
	organization = {\url{https://opencv.org/about}},
	year = {2020}
}

@manual{Visionartificial,
	author = {Visión Artificial},
	title = {Disciplina científica que incluye métodos para adquirir, procesar, analizar y comprender las imágenes del mundo real},
	organization = {\url{https://es.wikipedia.org/wiki/Vision_artificial}},
	year = {2020}
}
@manual{Deepfake,
	title={Deepfake},
	author={Jonathan Hui},
	organization = {\url{https://medium.com/@jonathan_hui/how-deep-learning-fakes-videos-deepfakes-and-how-to-detect-it-c0b50fbf7cb9}},
	year={2018}
}

@manual{AzureKinect,
	author = {Azure Kinect Dk},
	title = {Azure Kinect Dk | Microsoft},
	organization = {\url{https://azure.microsoft.com/es-es/services/kinect-dk}},
	year = {2020}
}

@manual{Vive,
	author = {Vive},
	title = {VIVE and Motion Workshop Bring Full-Body Interaction To VR},
	organization = {\url{https://blog.vive.com/us/2019/06/23/vive-shadow-motion-capture-full-body-vr-tracking}},
	year = {2029}
}

@MastersThesis{Staab:Thesis:2014,
    author     =     {Ryan Staab},
    title     =     {{Recognizing specific errors in human physical exercise performance with Microsoft \texttt{Kinect}}},
    school     =     {California Polytechnic State University},
    address     =     {CA, USA},
    year     =     {2014},
}

@Inbook{Paredes2014,
author="Paredes, Hugo
and Cassola, Fernando
and Morgado, Leonel
and de Carvalho, Fausto
and Ala, Silvia
and Cardoso, Francisco
and Fonseca, Benjamim
and Martins, Paulo",
editor="Miesenberger, Klaus
and Fels, Deborah
and Archambault, Dominique
and Pe{\v{n}}{\'a}z, Petr
and Zagler, Wolfgang",
title= {{Exploring the Usage of 3D Virtual Worlds and Kinect Interaction in Exergames with Elderly}},
bookTitle="Computers Helping People with Special Needs: 14th International Conference, ICCHP 2014, Paris, France, July 9-11, 2014, Proceedings, Part I",
year="2014",
publisher="Springer International Publishing",
address="Cham",
pages="297--300",
isbn="978-3-319-08596-8",
doi="10.1007/978-3-319-08596-8_47"
}

@Inbook{Ruttkay2008,
author="Ruttkay, Zs{\'o}fia
and van Welbergen, Herwin",
editor="Prendinger, Helmut
and Lester, James
and Ishizuka, Mitsuru",
title="Elbows Higher! Performing, Observing and Correcting Exercises by a Virtual Trainer",
bookTitle="Intelligent Virtual Agents: 8th International Conference, IVA 2008, Tokyo, Japan, September 1-3, 2008. Proceedings",
year="2008",
publisher="Springer Berlin Heidelberg",
address="Berlin, Heidelberg",
pages="409--416",
isbn="978-3-540-85483-8",
doi="10.1007/978-3-540-85483-8_41"
}

@book{chua2003training,
  title={Training for physical tasks in virtual environments: Tai Chi},
  author={Chua, Philo Tan and Crivella, Rebecca and Daly, Bo and Hu, Ning and Schaaf, Russ and Ventura, David and Camill, Todd and Hodgins, Jessica and Pausch, Randy},
  booktitle={Virtual Reality, 2003. Proceedings. IEEE},
  pages={87--94},
  year={2003},
  organization={IEEE}
}

@incollection{li2014development,
  title={Development of exergame-based virtual trainer for physical therapy using kinect},
  author={Li, Baihua and Maxwell, Mark and Leightley, Daniel and Lindsay, Angela and Johnson, Wendy and Ruck, Andrew},
  booktitle={Games for Health 2014},
  pages={79--88},
  year={2014},
  publisher={Springer}
}

@article{sin2013additional,
  title={Additional virtual reality training using Xbox Kinect in stroke survivors with hemiplegia},
  author={Sin, HyeonHui and Lee, GyuChang},
  journal={American Journal of Physical Medicine \& Rehabilitation},
  volume={92},
  number={10},
  pages={871--880},
  year={2013},
  publisher={LWW}
}

@MastersThesis{Keerthy:Thesis:2012,
    author     =     {Naveen Kumar Keerthy},
    title     =     {{Virtual Kung fu Sifu with Kinect}},
    school     =     {San Jos\'{e} State University},
    address     =     {CA, USA},
    year     =     {2012},
 }

 @article{Kyan:2015:ABD:2753829.2735951,
 author = {Kyan, Matthew and Sun, Guoyu and Li, Haiyan and Zhong, Ling and Muneesawang, Paisarn and Dong, Nan and Elder, Bruce and Guan, Ling},
 title = {{An Approach to Ballet Dance Training Through MS Kinect and Visualization in a CAVE Virtual Reality Environment}},
 journal = {ACM Trans. Intell. Syst. Technol.},
 issue_date = {May 2015},
 volume = {6},
 number = {2},
 month = mar,
 year = {2015},
 issn = {2157-6904},
 pages = {23:1--23:37},
 articleno = {23},
 numpages = {37},
 doi = {10.1145/2735951},
 acmid = {2735951},
 publisher = {ACM},
 address = {New York, NY, USA},
 keywords = {CAVE, MS Kinect, ballet, dance, gesture recognition, human--computer interaction, immersive training and simulation, self-organizing maps, virtual reality},
} 


%% 
https://www.xsens.com/a-history-of-motion-capture

@manual{Unity_Manual,
	author = {{Unity-Technologies}},
	title = {Unity - Manual: Unity Manual onliner},
	year = {2020},
	language = {English},
	version = {Unity 2019.4.9f1},
	organization = {\url{http://docs.unity3d.com/Manual/index.html}}
}

@manual{VisualStudio,
	author = {Microsoft Visual Studio},
	title = {Microsoft Visual Studio },
	year = {2020},
	organization = {\url{https://visualstudio.microsoft.com/es/vs/}}
}

@manual{FuseCharCreaMixamo,
	author = {AdobeFuseCC},
	title = {Adobe Fuse CC - Make customized 3D models to power your designs.},
	year = {2020},
	organization = {\url{https://www.mixamo.com/fuse}}
}

@manual{Mixamo3DAnimation,
	author = {Mixamo},
	title = {Mixamo 3D Animation Online Services - Animated 3D characters. No 3D knowledge required.},
	year = {2020},
	organization = {\url{https://www.mixamo.com/}}
}

@manual{Unity-relations,
	author = {Unity-Technologies},
	title = {Unity - Game engine, tools and multiplatform.},
	year = {2020},
	organization = {\url{https://unity3d.com/es/public-relations}}
}

@manual{Unity,
	author = {Unity},
	title = {Unity real-time 3D development platform.},
	year = {2020},
	organization = {\url{https://unity.com/}}
}

@manual{UnrealEngine,
	author = {Unreal Engine},
	title = {Unreal Engine advanced real-time 3D creation tool.},
	year = {2020},
	organization = {\url{https://www.unrealengine.com/}}
}

@manual{CinematicaInversa,
	author = {Wikipedia},
	title = {Cinemática Inversa.},
	year = {2020},
	organization = {\url{https://es.wikipedia.org/wiki/Cinematica_inversa}}
}